@ARTICLE{1,
  author={M. X. {Cao} and P. O. {Vontobel}},
  journal={IEEE Transactions on Information Theory}, 
  title={Bounding and Estimating the Classical Information Rate of Quantum Channels With Memory}, 
  year={2020},
  volume={66},
  number={9},
  pages={5601-5619},
  doi={10.1109/TIT.2020.2979840}}

@article{2,
  title={EZH2 inhibition sensitizes BRG1 and EGFR mutant lung tumours to TopoII inhibitors},
  author={Fillmore, Christine M and Xu, Chunxiao and Desai, Pooja T and Berry, Joanne M and Rowbotham, Samuel P and Lin, Yi-Jang and Zhang, Haikuo and Marquez, Victor E and Hammerman, Peter S and Wong, Kwok-Kin and others},
  journal={Nature},
  volume={520},
  number={7546},
  pages={239--242},
  year={2015},
  publisher={Nature Publishing Group}
}


@article{deng2017energy,
  title={Energy-efficient timely transportation of long-haul heavy-duty trucks},
  author={Deng, Lei and Hajiesmaili, Mohammad H and Chen, Minghua and Zeng, Haibo},
  journal={IEEE Transactions on Intelligent Transportation Systems},
  volume={19},
  number={7},
  pages={2099--2113},
  year={2017},
  publisher={IEEE}
}
